@INPROCEEDINGS{7952497, 
author={B. Rezaei and X. Huang and J. R. Yee and S. Ostadabbas}, 
booktitle={2017 IEEE International Conference on Acoustics, Speech and Signal Processing (ICASSP)}, 
title={Long-term non-contact tracking of caged rodents}, 
year={2017}, 
pages={1952-1956}, 
doi={10.1109/ICASSP.2017.7952497}, 
ISSN={2379-190X}, 
month={March},}
@inproceedings{rezaei2017background,
  title={Background Subtraction via Fast Robust Matrix Completion},
  author={Rezaei, Behnaz and Ostadabbas, Sarah},
  booktitle={Computer Vision Workshop (ICCVW), 2017 IEEE International Conference on},
  pages={1871--1879},
  year={2017},
  organization={IEEE}
}
@ARTICLE{8456638, 
author={B. Rezaei and S. Ostadabbas}, 
journal={IEEE Journal of Selected Topics in Signal Processing}, 
title={Moving Object Detection Through Robust Matrix Completion Augmented With Objectness}, 
year={2018}, 
volume={12}, 
number={6}, 
pages={1313-1323}, 
keywords={Principal component analysis;Computational modeling;Mathematical model;Robustness;Object detection;Algorithm design and analysis;Moving object detection;objectness;robust low-rank matrix completion;robust principal component analysis;subspace learning}, 
doi={10.1109/JSTSP.2018.2869111}, 
ISSN={1932-4553}, 
month={Dec},}
@inproceedings{liu2018recognizing,
  title={Recognizing Human Actions as the Evolution of Pose Estimation Maps},
  author={Liu, Mengyuan and Yuan, Junsong},
  booktitle={CVPR 2018},
  year={2018}
}
@inproceedings{choutas2018potion,
  title={PoTion: Pose MoTion Representation for Action Recognition},
  author={Choutas, Vasileios and Weinzaepfel, Philippe and Revaud, J{\'e}r{\^o}me and Schmid, Cordelia},
  booktitle={CVPR 2018},
  year={2018}
}
@inproceedings{cherian2018non,
  title={Non-Linear Temporal Subspace Representations for Activity Recognition},
  author={Cherian, Anoop and Sra, Suvrit and Gould, Stephen and Hartley, Richard},
  booktitle={Proceedings of the IEEE Conference on Computer Vision and Pattern Recognition},
  pages={2197--2206},
  year={2018}
}

@article{zolfaghari2017chained,
  title={Chained Multi-stream Networks Exploiting Pose},
  author={Zolfaghari, Mohammadreza and Oliveira, Gabriel L and Sedaghat, Nima and Brox, Thomas},
  journal={Motion, and Appearance for Action Classification and Detection, ICCV},
  year={2017}
}
@inproceedings{girdhar2018detect,
  title={Detect-and-Track: Efficient Pose Estimation in Videos},
  author={Girdhar, Rohit and Gkioxari, Georgia and Torresani, Lorenzo and Paluri, Manohar and Tran, Du},
  booktitle={Proceedings of the IEEE Conference on Computer Vision and Pattern Recognition},
  pages={350--359},
  year={2018}
}

@inproceedings{he2017mask,
  title={Mask r-cnn},
  author={He, Kaiming and Gkioxari, Georgia and Doll{\'a}r, Piotr and Girshick, Ross},
  booktitle={Computer Vision (ICCV), 2017 IEEE International Conference on},
  pages={2980--2988},
  year={2017},
  organization={IEEE}
}

@inproceedings{he2016deep,
  title={Deep residual learning for image recognition},
  author={He, Kaiming and Zhang, Xiangyu and Ren, Shaoqing and Sun, Jian},
  booktitle={Proceedings of the IEEE conference on computer vision and pattern recognition},
  pages={770--778},
  year={2016}
}
@article{kuhn2005hungarian,
  title={The Hungarian method for the assignment problem},
  author={Kuhn, Harold W},
  journal={Naval Research Logistics (NRL)},
  volume={52},
  number={1},
  pages={7--21},
  year={2005},
  publisher={Wiley Online Library}
}

@inproceedings{lin2014microsoft,
  title={Microsoft coco: Common objects in context},
  author={Lin, Tsung-Yi and Maire, Michael and Belongie, Serge and Hays, James and Perona, Pietro and Ramanan, Deva and Doll{\'a}r, Piotr and Zitnick, C Lawrence},
  booktitle={European conference on computer vision},
  pages={740--755},
  year={2014},
  organization={Springer}
}

@inproceedings{pirsiavash2011globally,
  title={Globally-optimal greedy algorithms for tracking a variable number of objects},
  author={Pirsiavash, Hamed and Ramanan, Deva and Fowlkes, Charless C},
  booktitle={Computer Vision and Pattern Recognition (CVPR), 2011 IEEE Conference on},
  pages={1201--1208},
  year={2011},
  organization={IEEE}
}

@article{ren2017faster,
  title={Faster R-CNN: towards real-time object detection with region proposal networks},
  author={Ren, Shaoqing and He, Kaiming and Girshick, Ross and Sun, Jian},
  journal={IEEE Transactions on Pattern Analysis \& Machine Intelligence},
  number={6},
  pages={1137--1149},
  year={2017},
  publisher={IEEE}
}
@inproceedings{deng2009imagenet,
  title={Imagenet: A large-scale hierarchical image database},
  author={Deng, Jia and Dong, Wei and Socher, Richard and Li, Li-Jia and Li, Kai and Fei-Fei, Li},
  booktitle={Computer Vision and Pattern Recognition, 2009. CVPR 2009. IEEE Conference on},
  pages={248--255},
  year={2009},
  organization={Ieee}
}

@inproceedings{andriluka2018posetrack,
  title={Posetrack: A benchmark for human pose estimation and tracking},
  author={Andriluka, Mykhaylo and Iqbal, Umar and Milan, Anton and Insafutdinov, Eldar and Pishchulin, Leonid and Gall, Juergen and Schiele, Bernt},
  booktitle={Proceedings of the IEEE Conference on Computer Vision and Pattern Recognition},
  pages={5167--5176},
  year={2018}
}

@article{chaaraoui2012review,
  title={A review on vision techniques applied to human behaviour analysis for ambient-assisted living},
  author={Chaaraoui, Alexandros Andr{\'e} and Climent-P{\'e}rez, Pau and Fl{\'o}rez-Revuelta, Francisco},
  journal={Expert Systems with Applications},
  volume={39},
  number={12},
  pages={10873--10888},
  year={2012},
  publisher={Elsevier}
}
@article{vrigkas2015review,
  title={A review of human activity recognition methods},
  author={Vrigkas, Michalis and Nikou, Christophoros and Kakadiaris, Ioannis A},
  journal={Frontiers in Robotics and AI},
  volume={2},
  pages={28},
  year={2015},
  publisher={Frontiers}
}

@article{goetz2008movement,
  title={Movement Disorder Society-sponsored revision of the Unified Parkinson's Disease Rating Scale (MDS-UPDRS): scale presentation and clinimetric testing results},
  author={Goetz, Christopher G and Tilley, Barbara C and Shaftman, Stephanie R and Stebbins, Glenn T and Fahn, Stanley and Martinez-Martin, Pablo and Poewe, Werner and Sampaio, Cristina and Stern, Matthew B and Dodel, Richard and others},
  journal={Movement disorders: official journal of the Movement Disorder Society},
  volume={23},
  number={15},
  pages={2129--2170},
  year={2008},
  publisher={Wiley Online Library}
}

@article{herath2017going,
  title={Going deeper into action recognition: A survey},
  author={Herath, Samitha and Harandi, Mehrtash and Porikli, Fatih},
  journal={Image and vision computing},
  volume={60},
  pages={4--21},
  year={2017},
  publisher={Elsevier}
}

@article{girdhar2018video,
  title={Video Action Transformer Network},
  author={Girdhar, Rohit and Carreira, Jo{\~a}o and Doersch, Carl and Zisserman, Andrew},
  journal={arXiv preprint arXiv:1812.02707},
  year={2018}
}

@article{chen2018robust,
  title={Robust Activity Recognition for Aging Society},
  author={Chen, Yi and Yu, Li and Ota, Kaoru and Dong, Mianxiong},
  journal={IEEE Journal of Biomedical and Health Informatics},
  year={2018},
  publisher={IEEE}
}
@inproceedings{zhou2018mict,
  title={MiCT: Mixed 3D/2D Convolutional Tube for Human Action Recognition},
  author={Zhou, Yizhou and Sun, Xiaoyan and Zha, Zheng-Jun and Zeng, Wenjun},
  booktitle={Proceedings of the IEEE Conference on Computer Vision and Pattern Recognition},
  pages={449--458},
  year={2018}
}

@inproceedings{tran2018closer,
  title={A Closer Look at Spatiotemporal Convolutions for Action Recognition},
  author={Tran, Du and Wang, Heng and Torresani, Lorenzo and Ray, Jamie and LeCun, Yann and Paluri, Manohar},
  booktitle={Proceedings of the IEEE Conference on Computer Vision and Pattern Recognition},
  pages={6450--6459},
  year={2018}
}

@article{li2018detecting,
  title={Detecting action tubes via spatial action estimation and temporal path inference},
  author={Li, Nannan and Huang, Jingjia and Li, Thomas and Guo, Huiwen and Li, Ge},
  journal={Neurocomputing},
  year={2018},
  publisher={Elsevier}
}

@inproceedings{simonyan2014two,
  title={Two-stream convolutional networks for action recognition in videos},
  author={Simonyan, Karen and Zisserman, Andrew},
  booktitle={Advances in neural information processing systems},
  pages={568--576},
  year={2014}
}

@inproceedings{tran2015learning,
  title={Learning spatiotemporal features with 3d convolutional networks},
  author={Tran, Du and Bourdev, Lubomir and Fergus, Rob and Torresani, Lorenzo and Paluri, Manohar},
  booktitle={Proceedings of the IEEE international conference on computer vision},
  pages={4489--4497},
  year={2015}
}

@article{liu2019bed,
  title={In-Bed Pose Estimation: Deep Learning with Shallow Dataset},
  author={Liu, Shuangjun and Yin, Yu and Ostadabbas, Sarah},
  journal={IEEE Journal of Translational Engineering in Health and Medicine},
  year={2019}
}

@article{ostadabbas2016vision,
  title={A vision-based respiration monitoring system for passive airway resistance estimation},
  author={Ostadabbas, Sarah and Sebkhi, Nordine and Zhang, Mingxi and Rahim, Salman and Anderson, Larry J and Lee, Frances Eun-Hyung and Ghovanloo, Maysam},
  journal={IEEE Transactions on biomedical engineering},
  volume={63},
  number={9},
  pages={1904--1913},
  year={2016},
  publisher={IEEE}
}

@article{dawar2018data,
  title={Data Augmentation in Deep Learning-Based Fusion of Depth and Inertial Sensing for Action Recognition},
  author={Dawar, Neha and Ostadabbas, Sarah and Kehtarnavaz, Nasser},
  journal={IEEE Sensors Letters},
  year={2018},
  publisher={IEEE}
}

@article{thorp2018monitoring,
  title={Monitoring Motor Symptoms During Activities of Daily Living in Individuals With Parkinson's Disease},
  author={Thorp, Jenna E and Adamczyk, Peter Gabriel and Ploeg, Heidi-Lynn and Pickett, Kristen A},
  journal={Frontiers in neurology},
  volume={9},
  year={2018},
  publisher={Frontiers Media SA}
}

@article{post2005unified,
  title={Unified Parkinson's disease rating scale motor examination: are ratings of nurses, residents in neurology, and movement disorders specialists interchangeable?},
  author={Post, Bart and Merkus, Maruschka P and de Bie, Rob MA and de Haan, Rob J and Speelman, Johannes D},
  journal={Movement disorders: official journal of the Movement Disorder Society},
  volume={20},
  number={12},
  pages={1577--1584},
  year={2005},
  publisher={Wiley Online Library}
}

@article{lara2013survey,
  title={A survey on human activity recognition using wearable sensors.},
  author={Lara, Oscar D and Labrador, Miguel A and others},
  journal={IEEE Communications Surveys and Tutorials},
  volume={15},
  number={3},
  pages={1192--1209},
  year={2013}
}

@inproceedings{erb2018bluesky,
  title={The BlueSky Project: monitoring motor and non-motor characteristics of people with Parkinson's disease in the laboratory, a simulated apartment, and home and community settings},
  author={Erb, K and Daneault, J and Amato, S and Bergethon, P and Demanuele, C and Kangarloo, T and Patel, S and Ramos, V and Volfson, D and Wacnik, P and others},
  booktitle={MOVEMENT DISORDERS},
  volume={33},
  number={12},
  pages={1990--1990},
  year={2018},
  organization={WILEY 111 RIVER ST, HOBOKEN 07030-5774, NJ USA}
}

@article{barrouillet2004time,
  title={Time constraints and resource sharing in adults' working memory spans.},
  author={Barrouillet, Pierre and Bernardin, Sophie and Camos, Val{\'e}rie},
  journal={Journal of Experimental Psychology: General},
  volume={133},
  number={1},
  pages={83},
  year={2004},
  publisher={American Psychological Association}
}

@article{brooks2019,
title = {Quantification of discrete behavioral components of the {MDS-UPDRS}},
journal = {Journal of Clinical Neuroscience},
volume = {61},
pages = {174 - 179},
year = {2019},
author = {Brooks, Chris and Eden, Gabrielle and Chang, Andrew  and Demanuele, Charmaine and Kelley Erb, Michael and Shaafi Kabiri, Nina  and Moss, Mark and Bhangu, Jaspreet and Thomas, Kevin},
}